<record><leader>00000cas a22000007a 4500</leader><controlfield tag="001">21144988</controlfield><controlfield tag="008">900302d196019uupr sr ne      0    0spa d</controlfield><datafield ind1=" " ind2=" " tag="010"><subfield code="a">sn 90070035 </subfield></datafield><datafield ind1=" " ind2=" " tag="040"><subfield code="a">PNN</subfield><subfield code="b">eng</subfield><subfield code="c">PNN</subfield><subfield code="d">OCLCQ</subfield></datafield><datafield ind1=" " ind2=" " tag="042"><subfield code="a">msc</subfield></datafield><datafield ind1="0" ind2="3" tag="245"><subfield code="a">El jumacao.</subfield></datafield><datafield ind1=" " ind2=" " tag="260"><subfield code="a">Humacao, P.R. :</subfield><subfield code="b">Associated Print. Co.</subfield></datafield><datafield ind1=" " ind2=" " tag="300"><subfield code="a">v.</subfield></datafield><datafield ind1=" " ind2=" " tag="310"><subfield code="a">Semimonthly</subfield></datafield><datafield ind1="0" ind2=" " tag="362"><subfield code="a">An&#771;o 1, nu&#769;m.1 (15 de agosto de 1960)-</subfield></datafield><datafield ind1=" " ind2=" " tag="500"><subfield code="a">"Al servicio de Humacao y todo el oriente."</subfield></datafield><datafield ind1=" " ind2=" " tag="752"><subfield code="a">United States</subfield><subfield code="b">Puerto Rico</subfield><subfield code="d">Humacao.</subfield></datafield></record>